%! Author = chris
%! Date = 30.05.23

@misc{RN1,
author =  {S, Kirsten},
title = {Cross Site Scripting (XSS)},
url = {https://owasp.org/www-community/attacks/xss/#:~:text=Cross%2DSite%20Scripting%20(XSS),to%20a%20different%20end%20user.},
urldate = {2023-06-07}
}
@misc{imagemagick,
    title = {ImageMagick},
    howpublished = {Webseite},
    url = {https://imagemagick.org/},
    urldate = {2023-06-08}
}
@misc{docker,
    title = {Docker},
    howpublished = {Webseite},
    url = {https://www.docker.com/},
    urldate = {2023-06-09}
}
@misc{docker_entrypoints,
    title = {Understanding Docker's CMD and ENTRYPOINT Instructions},
    howpublished = {Webseite},
    author = {Cane, Ben},
    date = {2017-06-21},
    url = {https://www.cloudbees.com/blog/understanding-dockers-cmd-and-entrypoint-instructions},
    urldate = {2023-06-09}
}
@misc{docker_add,
    title = {What is the Docker ADD command?},
    howpublished = {Webseite},
    url = {https://www.educative.io/answers/what-is-the-docker-add-command},
    urldate = {2023-06-09}
}
@misc{docker_baseimg_from,
    title = {Create your own base image},
    howpublished = {Webseite},
    url = {https://docs.docker.com/build/building/base-images/},
    urldate = {2023-06-09}
}
@misc{ILIAS_github,
    title = {ILIAS repository},
    howpublished = {Webseite},
    url = {https://github.com/ILIAS-eLearning/ILIAS/},
    urldate = {2023-06-09}
}
